<?xml version="1.0" encoding="UTF-8"?><collection xmlns="http://www.loc.gov/MARC21/slim"><record><leader>00551nam--2200193-i-4500</leader><controlfield tag="001">000017881</controlfield><controlfield tag="002">20161230</controlfield><controlfield tag="005">20161230201032</controlfield><controlfield tag="008">060222s1000------------r-----000-0-eng-d</controlfield><datafield ind1=" " ind2=" " tag="020"><subfield code="a">0125053134</subfield></datafield><datafield ind1=" " ind2=" " tag="040"><subfield code="a">IFIN-HH</subfield></datafield><datafield ind1=" " ind2=" " tag="080"><subfield code="a">539.149.43(047)</subfield></datafield><datafield ind1="1" ind2=" " tag="100"><subfield code="a">Webb, G.A</subfield></datafield><datafield ind1="1" ind2="0" tag="245"><subfield code="a">Annual reports on nmr spectroscopy</subfield><subfield code="b">Volume 7, 8, 9, 10a, 10b, 11a, 11b, 13</subfield><subfield code="c">G.a. webb (ed.)</subfield></datafield><datafield ind1=" " ind2=" " tag="260"><subfield code="a">London</subfield><subfield code="b">Academic Press</subfield><subfield code="c">1977-1982</subfield></datafield><datafield ind1=" " ind2=" " tag="300"><subfield code="a">8 VOLUME</subfield></datafield><datafield ind1="1" ind2=" " tag="787"><subfield code="a">Volume 13</subfield><subfield code="d">1982</subfield><subfield code="h">399p</subfield></datafield><datafield ind1=" " ind2=" " tag="852"><subfield code="a">28724</subfield><subfield code="c">539.143.43</subfield></datafield><datafield ind1=" " ind2=" " tag="CAT"><subfield code="a">Sys</subfield><subfield code="c">20120503</subfield><subfield code="h">114059</subfield></datafield></record></collection>